
@misc{nist_dataset,
  doi = {10.18434/M32233},
  url = {https://data.nist.gov/od/id/mds2-2233},
  author = {Brandon Lane and Ho Yeung},
  language = {en},
  title = {Process Monitoring Dataset from the Additive Manufacturing Metrology Testbed (AMMT): Overhang Part X4},
  publisher = {National Institute of Standards and Technology},
  year = {2020},
  copyright = {NIST Licensing}
}

@misc{convlstm_nist,
  doi = {10.1115/detc2022-91021},
  url = {https://doi.org/10.1115/detc2022-91021},
  year = {2022},
  publisher = {American Society of Mechanical Engineers},
  author = {Hyunwoong Ko and Jaehyuk Kim and Yan Lu and Dongmin Shin and Zhuo Yang and Yosep Oh},
  title = {Spatial-Temporal Modeling Using Deep Learning for Real-Time Monitoring of Additive Manufacturing},
  booktitle = {Volume 2: 42nd Computers and Information in Engineering Conference ({CIE})}
}

@misc{convlstm_arch,
      title={Convolutional LSTM Network: A Machine Learning Approach for Precipitation Nowcasting}, 
      author={Xingjian Shi and Zhourong Chen and Hao Wang and Dit-Yan Yeung and Wai-kin Wong and Wang-chun Woo},
      year={2015},
      eprint={1506.04214},
      archivePrefix={arXiv},
      primaryClass={cs.CV}
}

@misc{conv_autoencoder,
title = {Deep representation learning for process variation management in laser powder bed fusion},
journal = {Additive Manufacturing},
volume = {42},
pages = {101961},
year = {2021},
issn = {2214-8604},
doi = {https://doi.org/10.1016/j.addma.2021.101961},
url = {https://www.sciencedirect.com/science/article/pii/S2214860421001263},
author = {Sepehr Fathizadan and Feng Ju and Yan Lu},
keywords = {Laser powder bed fusion, Additive manufacturing, Melt pool image, Deep learning, Anomaly detection}
}

@misc{gaussian_process,
  author={Hui Yang and Siqi Zhang and Yan Lu and Paul Witherell and Soundar Kumara},
  journal={IEEE Robotics and Automation Letters}, 
  title={Spatiotemporal Monitoring of Melt-Pool Variations in Metal-Based Additive Manufacturing}, 
  year={2022},
  volume={7},
  number={3},
  pages={8249-8256},
  doi={10.1109/LRA.2022.3187540}
}

@misc{classic_ml,
author = {Yeung, Ho and Yang, Zhuo and Lu, Yan},
year = {2020},
pages = {101383},
title = {A Meltpool Prediction Based Scan Strategy for Powder Bed Fusion Additive Manufacturing},
volume = {35},
journal = {Additive Manufacturing},
doi = {10.1016/j.addma.2020.101383}
}

@misc{AMisCool,
  doi = {10.1007/s12541-015-0305-9},
  url = {https://doi.org/10.1007/s12541-015-0305-9},
  year = {2015},
  publisher = {Springer Science and Business Media {LLC}},
  volume = {16},
  number = {11},
  pages = {2369--2375},
  author = {Hyunwoong Ko and Seung Ki Moon and Jihong Hwang},
  title = {Design for additive manufacturing in customized products},
  journal = {International Journal of Precision Engineering and Manufacturing}
}

@misc{Grasso2017ProcessDA,
  title={Process defects and in situ monitoring methods in metal powder bed fusion: a review},
  author={Marco Grasso and Bianca Maria Colosimo},
  journal={Measurement Science and Technology},
  year={2017},
  volume={28}
}

@misc{closed-loop,
  doi = {10.1088/1361-6552/ab9957},
  url = {https://doi.org/10.1088/1361-6552/ab9957},
  year = {2020},
  publisher = {{IOP} Publishing},
  volume = {55},
  number = {5},
  pages = {055012},
  author = {Felicity S H B Freeman and Lova Chechik and Iain Todd},
  title = {Beat the machine (learning): metal additive manufacturing and closed
		                    loop control},
  journal = {Physics Education}
}


@misc{adamw,
      title={Decoupled Weight Decay Regularization}, 
      author={Ilya Loshchilov and Frank Hutter},
      year={2019},
      eprint={1711.05101},
      archivePrefix={arXiv},
      primaryClass={cs.LG}
}

@misc{resnet3d,
  author    = {Du Tran and
               Heng Wang and
               Lorenzo Torresani and
               Jamie Ray and
               Yann LeCun and
               Manohar Paluri},
  title     = {A Closer Look at Spatiotemporal Convolutions for Action Recognition},
  journal   = {CoRR},
  volume    = {abs/1711.11248},
  year      = {2017},
  url       = {http://arxiv.org/abs/1711.11248},
  archivePrefix = {arXiv},
  eprint    = {1711.11248},
  biburl    = {https://dblp.org/rec/journals/corr/abs-1711-11248.bib},
  bibsource = {dblp computer science bibliography, https://dblp.org}
}

@misc{3dconvs,
  author       = {Rui Qian and
                  Tianjian Meng and
                  Boqing Gong and
                  Ming{-}Hsuan Yang and
                  Huisheng Wang and
                  Serge J. Belongie and
                  Yin Cui},
  title        = {Spatiotemporal Contrastive Video Representation Learning},
  journal      = {CoRR},
  volume       = {abs/2008.03800},
  year         = {2020},
  url          = {https://arxiv.org/abs/2008.03800},
  eprinttype    = {arXiv},
  eprint       = {2008.03800},
  timestamp    = {Fri, 14 Aug 2020 15:14:45 +0200},
  biburl       = {https://dblp.org/rec/journals/corr/abs-2008-03800.bib},
  bibsource    = {dblp computer science bibliography, https://dblp.org}
}

@misc{UNET,
  author       = {Olaf Ronneberger and
                  Philipp Fischer and
                  Thomas Brox},
  title        = {U-Net: Convolutional Networks for Biomedical Image Segmentation},
  journal      = {CoRR},
  volume       = {abs/1505.04597},
  year         = {2015},
  url          = {http://arxiv.org/abs/1505.04597},
  eprinttype    = {arXiv},
  eprint       = {1505.04597},
  timestamp    = {Mon, 13 Aug 2018 16:46:52 +0200},
  biburl       = {https://dblp.org/rec/journals/corr/RonnebergerFB15.bib},
  bibsource    = {dblp computer science bibliography, https://dblp.org}
}

@misc{gal2016theoretically,
      title={A Theoretically Grounded Application of Dropout in Recurrent Neural Networks}, 
      author={Yarin Gal and Zoubin Ghahramani},
      year={2016},
      eprint={1512.05287},
      archivePrefix={arXiv},
      primaryClass={stat.ML}
}